@book
{
    med19,
    author={Anggara Duta Medika},
    title={Daftar Rumus dan Sifat Matematika SMA/MA},
    year={2019},
    publisher={SMA Negeri 1 Bontang},
    address={Bontang}
}

@book
{
	sub18,
	author={Muhammad Subhan},
	title={Pengantar Dasar Matematika},
	year={2018},
	publisher={Universitas Negeri Padang},
	address={Padang}
}

@book
{
	pur07,
	address={New York},
	edition={9},
	title={Calculus},
	publisher={Pearson Prentice Hall},
	author={Purcell, Edwin and Rigdon, Christopher J and Varberg, Dale E},
	year={2007}
}

@book
{
	mor16,
	address={New York},
	title={Proofs and Concepts, The Fundamentals of Abstract Mathematics},
	publisher={University at Albany},
	author={Morris, Dave Witte and Morris, Joy},
	year={2016}
}

@online
{
	ai_bri,
	author={brilliant.org},
	title={Algebraic Identities},
	url={https://brilliant.org/wiki/algebraic-identities/},
	addendum={Diakses pada: 11 November 2020}
}

@online
{
	f_aops,
	author={artofproblemsolving.com},
	title={Factoring},
	url={https://artofproblemsolving.com/wiki/index.php/Factoring},
	addendum={Diakses pada: 11 November 2020}
}